@article{rotemberg1984financial,
  title={Financial transaction costs and industrial performance},
  author={Rotemberg, Julio},
  year={1984},
  publisher={Cambridge, Mass.: Massachusetts Institute of Technology}
}

@article{azar2018anticompetitive,
  title={Anticompetitive effects of common ownership},
  author={Azar, Jos{\'e} and Schmalz, Martin C and Tecu, Isabel},
  journal={The Journal of Finance},
  volume={73},
  number={4},
  pages={1513--1565},
  year={2018},
  publisher={Wiley Online Library}
}

@article{azar2022ultimate,
  title={Ultimate ownership and bank competition},
  author={Azar, Jos{\'e} and Raina, Sahil and Schmalz, Martin},
  journal={Financial Management},
  volume={51},
  number={1},
  pages={227--269},
  year={2022},
  publisher={Wiley Online Library}
}

@misc{ASPE_2023, title={Ownership of Hospitals: An analysis of newly-released federal ...}, url={https://aspe.hhs.gov/sites/default/files/documents/582de65f285646af741e14f82b6df1f6/hospital-ownership-data-brief.pdf}, journal={Office of Health Policy}, author={ASPE}, year={2023}} 

@article{bai2021analysis,
  title={Analysis Suggests Government And Nonprofit Hospitals’ Charity Care Is Not Aligned With Their Favorable Tax Treatment: Study examines government and nonprofit hospital charity care expenses compared to charity care obligations arising from the organizations' favorable tax treatment.},
  author={Bai, Ge and Zare, Hossein and Eisenberg, Matthew D and Polsky, Daniel and Anderson, Gerard F},
  journal={Health Affairs},
  volume={40},
  number={4},
  pages={629--636},
  year={2021}
}

@article{bruch2021charity,
  title={Charity care: do nonprofit hospitals give more than for-profit hospitals?},
  author={Bruch, Joseph D and Bellamy, David},
  journal={Journal of general internal medicine},
  volume={36},
  number={10},
  pages={3279--3280},
  year={2021},
  publisher={Springer}
}

@article{nicholson2000measuring,
  title={Measuring Community Benefits Provided By For-Profit And Nonprofit Hospitals: Nonprofits appear to be falling short of providing the expected level of community benefits, according to this new model.},
  author={Nicholson, Sean and Pauly, Mark V and Burns, Lawton R and Baumritter, Agnieshka and Asch, David A},
  journal={Health Affairs},
  volume={19},
  number={6},
  pages={168--177},
  year={2000},
  publisher={Project HOPE-The People-to-People Health Foundation, Inc.}
}

@article{levinson2024ten,
  title={Ten things to know about consolidation in health care provider markets},
  author={Levinson, Zachary and Godwin, Jamie and Hulver, Scott and Neuman, Tricia},
  journal={KFF Health Costs},
  year={2024}
}

@phdthesis{azar2012new,
  title={A new look at oligopoly: Implicit collusion through portfolio diversification},
  author={Azar, Jos{\'e}},
  year={2012},
  school={Princeton University}
}

@techreport{rubinstein1983competitive,
  title={The competitive stock market as cartel maker: Some examples},
  author={Rubinstein, Ariel and Yaari, Menahem E},
  year={1983},
  institution={Suntory and Toyota International Centres for Economics and Related~…}
}

@article{rotemberg1984financial,
  title={Financial transaction costs and industrial performance},
  author={Rotemberg, Julio},
  year={1984},
  publisher={Cambridge, Mass.: Massachusetts Institute of Technology}
}

@article{newham2018common,
  title={Common ownership and market entry: Evidence from pharmaceutical industry},
  author={Newham, Melissa and Seldeslachts, Jo and Banal-Estanol, Albert},
  year={2018},
  publisher={DIW Berlin Discussion Paper}
}

@article{he2017product,
  title={Product market competition in a world of cross-ownership: Evidence from institutional blockholdings},
  author={He, Jie and Huang, Jiekun},
  journal={The Review of Financial Studies},
  volume={30},
  number={8},
  pages={2674--2718},
  year={2017},
  publisher={Oxford University Press}
}

@article{chen2023does,
  title={Does common ownership constrain managerial rent extraction? Evidence from insider trading profitability},
  author={Chen, Shenglan and Ma, Hui and Wu, Qiang and Zhang, Hao},
  journal={Journal of Corporate Finance},
  volume={80},
  pages={102389},
  year={2023},
  publisher={Elsevier}
}

@article{kini2024common,
  title={Common institutional ownership and product market threats},
  author={Kini, Omesh and Lee, Sangho and Shen, Mo},
  journal={Management Science},
  volume={70},
  number={5},
  pages={2705--2731},
  year={2024},
  publisher={INFORMS}
}

@article{lindsey2008blurring,
  title={Blurring firm boundaries: The role of venture capital in strategic alliances},
  author={Lindsey, Laura},
  journal={The Journal of Finance},
  volume={63},
  number={3},
  pages={1137--1168},
  year={2008},
  publisher={Wiley Online Library}
}

@article{gonzalez2020exchanges,
  title={Exchanges of innovation resources inside venture capital portfolios},
  author={Gonz{\'a}lez-Uribe, Juanita},
  journal={Journal of Financial Economics},
  volume={135},
  number={1},
  pages={144--168},
  year={2020},
  publisher={Elsevier}
}

@article{li2023common,
  title={Common ownership and innovation efficiency},
  author={Li, Xuelin and Liu, Tong and Taylor, Lucian A},
  journal={Journal of Financial Economics},
  volume={147},
  number={3},
  pages={475--497},
  year={2023},
  publisher={Elsevier}
}

@article{eldar2024common,
  title={Common venture capital investors and startup growth},
  author={Eldar, Ofer and Grennan, Jillian},
  journal={The Review of Financial Studies},
  volume={37},
  number={2},
  pages={549--590},
  year={2024},
  publisher={Oxford University Press}
}

@article{sant2020doubly,
  title={Doubly robust difference-in-differences estimators},
  author={Sant’Anna, Pedro HC and Zhao, Jun},
  journal={Journal of Econometrics},
  volume={219},
  number={1},
  pages={101--122},
  year={2020},
  publisher={Elsevier}
}

@article{huberfeld2006tackling,
  title={Tackling the Evils of Interlocking Directorates in Healthcare Nonprofits},
  author={Huberfeld, Nicole},
  journal={Neb. L. Rev.},
  volume={85},
  pages={681},
  year={2006},
  publisher={HeinOnline}
}

@article{barnett_babcock_2012,
  author = {Steve Barnett and Daniel G. Babcock},
  title = {Marlette Regional Hospital, McKenzie announce affiliation},
  journal = {Huron Daily Tribune},
  year = {2012},
  month = {November},
  day = {20},
  url = {https://www.michigansthumb.com/news/article/Marlette-Regional-Hospital-McKenzie-announce-7292541.php}
}

@article{manjunath2024illegal,
  title={Illegal interlocks among life science company boards of directors},
  author={Manjunath, Anoop and Kahrobai, Nathan and Lemley, Mark A and Kumar, Ishan},
  journal={Journal of Law and the Biosciences},
  volume={11},
  number={1},
  pages={lsae005},
  year={2024},
  publisher={Oxford University Press}
}

@article{bizjak2009option,
  title={Option backdating and board interlocks},
  author={Bizjak, John and Lemmon, Michael and Whitby, Ryan},
  journal={The Review of Financial Studies},
  volume={22},
  number={11},
  pages={4821--4847},
  year={2009},
  publisher={Oxford University Press}
}

@article{field2013busy,
  title={Are busy boards detrimental?},
  author={Field, Laura and Lowry, Michelle and Mkrtchyan, Anahit},
  journal={Journal of financial economics},
  volume={109},
  number={1},
  pages={63--82},
  year={2013},
  publisher={Elsevier}
}

@article{chiu2013board,
  title={Board interlocks and earnings management contagion},
  author={Chiu, Peng-Chia and Teoh, Siew Hong and Tian, Feng},
  journal={The Accounting Review},
  volume={88},
  number={3},
  pages={915--944},
  year={2013},
  publisher={American Accounting Association}
}

@article{cai2014board,
  title={Board interlocks and the diffusion of disclosure policy},
  author={Cai, Ye and Dhaliwal, Dan S and Kim, Yongtae and Pan, Carrie},
  journal={Review of Accounting Studies},
  volume={19},
  pages={1086--1119},
  year={2014},
  publisher={Springer}
}

@article{cai2012board,
  title={Board connections and M\&A transactions},
  author={Cai, Ye and Sevilir, Merih},
  journal={Journal of Financial Economics},
  volume={103},
  number={2},
  pages={327--349},
  year={2012},
  publisher={Elsevier}
}

@article{schonlau2009board,
  title={Board networks and merger performance},
  author={Schonlau, Robert and Singh, Param Vir},
  journal={Unpublished working paper. University of Washington},
  year={2009}
}

@article{cheng2021social,
  title={Social learning in information technology investment: The role of board interlocks},
  author={Cheng, Zhuo and Rai, Arun and Tian, Feng and Xu, Sean Xin},
  journal={Management Science},
  volume={67},
  number={1},
  pages={547--576},
  year={2021},
  publisher={INFORMS}
}

@article{baran2017director,
  title={Director connectedness and firm value in S\&P 500 Index reconstitutions},
  author={Baran, Lindsay},
  journal={Journal of Economics and Business},
  volume={92},
  pages={63--79},
  year={2017},
  publisher={Elsevier}
}

@article{kennedy2017competitive,
  title={The competitive effects of common ownership: Economic foundations and empirical evidence},
  author={Kennedy, Pauline and O'Brien, Daniel P and Song, Minjae and Waehrer, Keith},
  journal={Available at SSRN 3008331},
  year={2017}
}

@article{lewellen2021does,
  title={Does common ownership really increase firm coordination?},
  author={Lewellen, Katharina and Lowry, Michelle},
  journal={Journal of Financial Economics},
  volume={141},
  number={1},
pages={322--344},
  year={2021},
  publisher={Elsevier}
}
 
  
@article{haas2011mergers,
  title={Mergers between competing hospitals: lessons from retrospective analyses},
  author={Haas-Wilson, Deborah and Vita, Michael},
  journal={International Journal of the Economics of Business},
  volume={18},
  number={1},
  pages={1--4},
  year={2011},
  publisher={Taylor \& Francis}
}

@article{gerardi2023critical,
  title={A critical review of the common ownership literature},
  author={Gerardi, Kristopher and Lowry, Michelle and Schenone, Carola},
  journal={Annual review of financial economics},
  volume={16},
  year={2023},
  publisher={Annual Reviews}
}

@article{alexander1996short,
  title={The short-term effects of merger on hospital operations},
  author={Alexander, Jeffrey A and Halpern, Michael T and Lee, Shoou-Yih},
  journal={Health Services Research},
  volume={30},
  number={6},
  pages={827},
  year={1996}
}

@article{ho2000hospital,
  title={Hospital mergers and acquisitions: does market consolidation harm patients?},
  author={Ho, Vivian and Hamilton, Barton H},
  journal={Journal of Health Economics},
  volume={19},
  number={5},
  pages={767--791},
  year={2000},
  publisher={Elsevier}
}

@article{dranove2003hospital,
  title={Hospital consolidation and costs: another look at the evidence},
  author={Dranove, David and Lindrooth, Richard},
  journal={Journal of health economics},
  volume={22},
  number={6},
  pages={983--997},
  year={2003},
  publisher={Elsevier}
}

@misc{ElevanceHealth2023,
  author    = "{Elevance Health}",
  title     = "Hospital Merger Trends and Implications",
  year      = "2023",
  month     = "July",
  url       = "https://www.elevancehealth.com/content/dam/elevance-health/articles/ppi_assets/63/EH_Hospital%20Merger_R6_7-21-2023_FINAL.pdf",
  note      = "Accessed: 2025-03-27"
}

@article{brot2024pays,
  title={Who Pays for Rising Health Care Prices? Evidence from Hospital Mergers},
  author={Brot, Zarek and Cooper, NBER Zack and Craig, NBER Stuart V and Klarnet, Lev},
  year={2024}
}

@article{kessler2000hospital,
  title={Is hospital competition socially wasteful?},
  author={Kessler, Daniel P and McClellan, Mark B},
  journal={The Quarterly Journal of Economics},
  volume={115},
  number={2},
  pages={577--615},
  year={2000},
  publisher={MIT Press}
}

@article{cooper2011does,
  title={Does hospital competition save lives? Evidence from the English NHS patient choice reforms},
  author={Cooper, Zack and Gibbons, Stephen and Jones, Simon and McGuire, Alistair},
  journal={The Economic Journal},
  volume={121},
  number={554},
  pages={F228--F260},
  year={2011},
  publisher={Oxford University Press Oxford, UK}
}

@article{Meyer2022,
  author = {Harris Meyer},
  title = {Biden’s FTC Has Blocked 4 Hospital Mergers and Is Poised to Thwart More Consolidation Attempts},
  journal = {KFF Health News},
  date = {2022-07-18},
  url = {https://kffhealthnews.org/news/article/biden-ftc-block-hospital-mergers-antitrust/}
}

@misc{Morse2023,
  author = {Howard Morse and Parker Erkmann and Nicollette R. Kirby},
  title = {Assessing Overlapping Boards After DOJ Crackdown},
  publisher = {Cooley News & Insights},
  date = {2023-05-25},
  url = {https://www.cooley.com/news/insight/2023/2023-05-25-assessing-overlapping-boards-after-doj-crackdown},
  note = {Accessed: 2025-03-25}
}

@article{geng2021does,
  title={Does board overlap promote coordination between firms?},
  author={Geng, Heng and Hau, Harald and Michaely, Roni and Nguyen, Binh},
  journal={Swiss Finance Institute Research Paper},
  number={21-79},
  year={2021}
}

@article{lamb2016ties,
  title={The “ties that bind” board interlocks research: A systematic review},
  author={Lamb, Nai H and Roundy, Philip},
  journal={Management Research Review},
  volume={39},
  number={11},
  pages={1516--1542},
  year={2016},
  publisher={Emerald Group Publishing Limited}
}

@article{dooley1969interlocking,
  title={The interlocking directorate},
  author={Dooley, Peter C},
  journal={The American Economic Review},
  volume={59},
  number={3},
  pages={314--323},
  year={1969},
  publisher={JSTOR}
}

@article{bouwman2011corporate,
  title={Corporate governance propagation through overlapping directors},
  author={Bouwman, Christa HS},
  journal={The Review of Financial Studies},
  volume={24},
  number={7},
  pages={2358--2394},
  year={2011},
  publisher={Oxford University Press}
}

@article{ferris2003too,
  title={Too busy to mind the business? Monitoring by directors with multiple board appointments},
  author={Ferris, Stephen P and Jagannathan, Murali and Pritchard, Adam C},
  journal={The Journal of finance},
  volume={58},
  number={3},
  pages={1087--1111},
  year={2003},
  publisher={Wiley Online Library}
}

@article{beaulieu2020changes,
  title={Changes in quality of care after hospital mergers and acquisitions},
  author={Beaulieu, Nancy D and Dafny, Leemore S and Landon, Bruce E and Dalton, Jesse B and Kuye, Ifedayo and McWilliams, J Michael},
  journal={New England Journal of Medicine},
  volume={382},
  number={1},
  pages={51--59},
  year={2020},
  publisher={Mass Medical Soc}
}

@article{hayford2012impact,
  title={The impact of hospital mergers on treatment intensity and health outcomes},
  author={Hayford, Tamara B},
  journal={Health services research},
  volume={47},
  number={3pt1},
  pages={1008--1029},
  year={2012},
  publisher={Wiley Online Library}
}

@article{andreyeva2024corporatization,
  title={The corporatization of independent hospitals},
  author={Andreyeva, Elena and Gupta, Atul and Ishitani, Catherine and Sylwestrzak, Malgorzata and Ukert, Benjamin},
  journal={Journal of Political Economy Microeconomics},
  volume={2},
  number={3},
  pages={602--663},
  year={2024},
  publisher={The University of Chicago Press Chicago, IL}
}

@article{schmitt2017hospital,
  title={Do hospital mergers reduce costs?},
  author={Schmitt, Matt},
  journal={Journal of health economics},
  volume={52},
  pages={74--94},
  year={2017},
  publisher={Elsevier}
}

@article{craig2021mergers,
  title={Mergers and marginal costs: New evidence on hospital buyer power},
  author={Craig, Stuart V and Grennan, Matthew and Swanson, Ashley},
  journal={The RAND Journal of Economics},
  volume={52},
  number={1},
  pages={151--178},
  year={2021},
  publisher={Wiley Online Library}
}

@article{gaynor2012impact,
  title={The impact of hospital consolidation—Update},
  author={Gaynor, Martin and Town, Robert},
  journal={Princeton: The Synthesis Project, Robert Wood Johnson Foundation},
  year={2012},
  publisher={Citeseer}
}

@article{boozary2019association,
  title={The association between hospital concentration and insurance premiums in ACA marketplaces},
  author={Boozary, Andrew S and Feyman, Yevgeniy and Reinhardt, Uwe E and Jha, Ashish K},
  journal={Health Affairs},
  volume={38},
  number={4},
  pages={668--674},
  year={2019}
}

@article{cooper2019price,
  title={The price ain’t right? Hospital prices and health spending on the privately insured},
  author={Cooper, Zack and Craig, Stuart V and Gaynor, Martin and Van Reenen, John},
  journal={The quarterly journal of economics},
  volume={134},
  number={1},
  pages={51--107},
  year={2019},
  publisher={Oxford University Press}
}

@article{eliason2020acquisitions,
  title={How acquisitions affect firm behavior and performance: Evidence from the dialysis industry},
  author={Eliason, Paul J and Heebsh, Benjamin and McDevitt, Ryan C and Roberts, James W},
  journal={The Quarterly Journal of Economics},
  volume={135},
  number={1},
  pages={221--267},
  year={2020},
  publisher={Oxford University Press}
}

@article{desai2023hospital,
  title={Hospital concentration and low-income populations: Evidence from New York State Medicaid},
  author={Desai, Sunita M and Padmanabhan, Prianca and Chen, Alan Z and Lewis, Ashley and Glied, Sherry A},
  journal={Journal of Health Economics},
  volume={90},
  pages={102770},
  year={2023},
  publisher={Elsevier}
}

@article{mariani2022impact,
  title={Impact of hospital mergers: a systematic review focusing on healthcare quality measures},
  author={Mariani, Marco and Sisti, Leuconoe Grazia and Isonne, Claudia and Nardi, Angelo and Mete, Rosario and Ricciardi, Walter and Villari, Paolo and De Vito, Corrado and Damiani, Gianfranco},
  journal={European Journal of Public Health},
  volume={32},
  number={2},
  pages={191--199},
  year={2022},
  publisher={Oxford University Press}
}

@misc{baer2014clayton,
  author = {William J. Baer},
  title = {Origins of the Species: The 100 Year Evolution of the Clayton Act},
  year = {2014},
  howpublished = {\url{https://www.justice.gov/atr/file/517721/dl}},
  note = {Accessed: 2025-03-28}
}

@misc{aai2013section7,
  author = {American Antitrust Institute},
  title = {Section 7 of the Clayton Act},
  year = {2013},
  howpublished = {\url{https://www.antitrustinstitute.org/wp-content/uploads/2018/09/Section-7.pdf}},
  note = {Accessed: 2025-03-28}
}

@misc{hulver2023ftc,
  author = {Scott Hulver and Zachary Levinson},
  title = {Understanding the Role of the FTC, DOJ, and States in Challenging Anticompetitive Practices Of Hospitals and Other Health Care Providers},
  year = {2023},
  howpublished = {\url{https://www.kff.org/health-costs/issue-brief/understanding-the-role-of-the-ftc-doj-and-states-in-challenging-anticompetitive-practices-of-hospitals-and-other-health-care-providers/}},
  note = {Accessed: 2025-03-28}
}